@inproceedings{bartel2012dexpler,
  title={{\bf Dexpler: converting android dalvik bytecode to jimple for static analysis with soot}},
  author={{\bf Bartel, Alexandre and Klein, Jacques and Le Traon, Yves and Monperrus, Martin}},
  booktitle={{\bf Proceedings of the ACM SIGPLAN International Workshop on State of the Art in Java Program analysis}},
  year={{\bf 2012}},
  organization={{\bf ACM}}
}
